@misc{opt,
	title = "\url{http://www.tldp.org/LDP/Linux-Filesystem-Hierarchy/html/opt.html}",
	year = "consultado el Lunes 16 de Noviembre de 2015",
	}
@misc{logrotated,
	title = "\url{http://www.linuxcommand.org/man_pages/logrotate8.html}",
	year = "consultado el Lunes 16 de Noviembre de 2015",
	}
@misc{crontab,
	title = "\url{http://www.unixgeeks.org/security/newbie/unix/cron-1.html}",
	year = "consultado el Lunes 16 de Noviembre de 2015",
	}
@misc{modesense,
	title = "\url{https://books.google.es/books?id=gzUOUeEbozQC&pg=PA144&lpg=PA144&dq=mode+sense+usb+definition&source=bl&ots=HYBEZ1IrXD&sig=YpGOIjCVj_GJBYpjH0KC5WShZsA&hl=es&sa=X&ved=0CDkQ6AEwA2oVChMItfeBlJ6XyQIVhzwaCh2AgQE8#v=onepage&q=mode%20sense%20usb%20definition&f=false}",
	year = "consultado el Martes 17 de Noviembre de 2015",
	}
	
@misc{hddt,
	title = "\url{http://www.buildcomputers.net/hdd-temperature.html}",
	year = "consultado el Jueves 19 de Noviembre de 2015",
	}
@misc{hddt2,
	title = "\url{http://www.tomshardware.co.uk/forum/361755-28-whats-optimal-temperature}",
	year = "consultado el Jueves 19 de Noviembre de 2015",
	}
@misc{hwm,
	title = "\url{http://www.cpuid.com/softwares/hwmonitor.html}",
	year = "consultado el Jueves 19 de Noviembre de 2015",
	}
@misc{hsm,
	title = "\url{http://www.hmonitor.com/}",
	year = "consultado el Jueves 19 de Noviembre de 2015",
	}
@misc{strace,
	title = "\url{https://www.debian-administration.org/article/352/Using_strace_to_debug_application_errors}",
	author = "Steve Kemp", 
	year = "consultado el Jueves 19 de Noviembre de 2015",
	}
@misc{pprofiler,
	title = "\url{http://docs.python.org/2/library/profile.html}",
	year = "consultado el Lunes 23 de Noviembre de 2015",
	}
@misc{raid,
	title = "\url{https://raid.wiki.kernel.org/index.php/Detecting,_querying_and_testing}",
	year = "consultado el Lunes 23 de Noviembre de 2015",
	}
@misc{crontab2,
	title = "\url{http://linux.die.net/man/1/crontab}",
	year = "consultado el Lunes 23 de Noviembre de 2015",
	}