@misc{yum1,
	title = "\url{https://www.centos.org/docs/5/html/yum/sn-managing-packages.html}",
	year = "consultado el Jueves 22 de Octubre de 2015",
	}
@misc{yum2,
	title = "\url{https://www.centos.org/docs/5/html/yum/sn-searching-packages.html}",
	year = "consultado el Jueves 22 de Octubre de 2015",
	}
@misc{anadirrepositorio,
	title = "\url{https://www.centos.org/docs/5/html/yum/sn-using-repositories.html#sn-adding-repositories}",
	year = "consultado el Jueves 22 de Octubre de 2015",
	}
@misc{apt,
	title = "\url{https://www.debian.org/doc/manuals/debian-reference/ch02.en.html}",
	year = "consultado el Jueves 22 de Octubre de 2015",
	}
@misc{apt-search,
	title = "\url{https://help.ubuntu.com/community/AptGet/Howto}",
	year = "consultado el Domingo 25 de Octubre de 2015",
	}
@misc{yum-proxy,
	title = "\url{https://www.centos.org/docs/5/html/yum/sn-yum-proxy-server.html}",
	year = "consultado el Domingo 25 de Octubre de 2015",
	}
@misc{apt-proxy,
	title = "\url{https://help.ubuntu.com/community/AptGet/Howto/#Setting_up_apt-get_to_use_a_http-proxy}",
	year = "consultado el Domingo 25 de Octubre de 2015",
	}
@misc{apt-repositorie,
	title = "\url{https://help.ubuntu.com/community/Repositories/CommandLine}",
	year = "consultado el Domingo 25 de Octubre de 2015",
	}
@misc{-X,
	title = "\url{http://www.openbsd.org/cgi-bin/man.cgi/OpenBSD-current/man1/slogin.1?query=ssh&sec=1}",
	year = "consultado el Lunes 26 de Octubre de 2015",
	}
@misc{telnet1,
	title = "\url{https://en.wikipedia.org/wiki/Telnet?oldformat=true}",
	year = "consultado el Jueves 29 de Octubre de 2015",
	}
@misc{telnet2,
	title = "\url{http://tools.ietf.org/html/rfc495}",
	year = "consultado el Jueves 29 de Octubre de 2015",
	}
@misc{ssh1,
	title = "\url{https://en.wikipedia.org/wiki/Secure_Shell?oldformat=true}",
	year = "consultado el Jueves 29 de Octubre de 2015",
	}
@misc{ssh-keygen,
	title = "\url{http://linux.die.net/man/1/ssh-keygen}",
	year = "consultado el Jueves 29 de Octubre de 2015",
	}
@misc{ssh-copy-id,
	title = "\url{http://linux.die.net/man/1/ssh-copy-id}",
	year = "consultado el Jueves 29 de Octubre de 2015",
	}	
@misc{tuto,
	title = "\url{http://www.thegeekstuff.com/2008/11/3-steps-to-perform-ssh-login-without-password-using-ssh-keygen-ssh-copy-id/}",
	year = "consultado el Jueves 29 de Octubre de 2015",
	}
@misc{hostname,
	title = "\url{http://linux.die.net/man/1/hostname}",
	year = "consultado el Viernes 30 de Octubre de 2015",
	}
@misc{ubuntu-restart,
	title = "\url{http://manpages.ubuntu.com/manpages/precise/man8/service.8.html}",
	year = "consultado el Viernes 30 de Octubre de 2015",
	}
@misc{centOS-restart,
	title = "\url{https://www.centos.org/docs/5/html/Deployment_Guide-en-US/s1-apache-startstop.html}",
	year = "consultado el Viernes 30 de Octubre de 2015",
	}
@misc{apache,
	title = "\url{https://help.ubuntu.com/lts/serverguide/httpd.html}",
	year = "consultado el Viernes 30 de Octubre de 2015",
	}
@misc{mysql,
	title = "\url{https://help.ubuntu.com/12.04/serverguide/mysql.html}",
	year = "consultado el Viernes 30 de Octubre de 2015",
	}
@misc{cherokee,
	title = "\url{http://cherokee-project.com/}",
	year = "consultado el Viernes 30 de Octubre de 2015",
	}
@misc{lighttpd,
	title = "\url{http://www.lighttpd.net/}",
	year = "consultado el Viernes 30 de Octubre de 2015",
	}
@misc{manjaro,
	title = "\url{http://manjaro.github.io/}",
	year = "consultado el Martes 3 de Noviembre de 2015",
	}
@misc{ibm-server,
	title = "\url{http://www-03.ibm.com/software/products/en/http-servers}",
	year = "consultado el Jueves 5 de Noviembre de 2015",
	}
@misc{conseguirquefuncioneyum,
	title = "\url{https://lists.centos.org/pipermail/centos/2011-November/120021.html}",
	year = "consultado el Jueves 5 de Noviembre de 2015",
	}
@misc{patch,
	title = "\url{http://linuxcommand.org/man_pages/patch1.html}",
	year = "consultado el Jueves 5 de Noviembre de 2015",
	}
@misc{fedorapatch,
	title = "\url{http://fedoraproject.org/wiki/VMWare}",
	year = "consultado el Jueves 5 de Noviembre de 2015",
	}
@misc{webmin-digital,
	title = "\url{https://www.digitalocean.com/community/tutorials/how-to-install-webmin-with-ssl-on-ubuntu-14-04}",
	year = "consultado el Sábado 7 de Noviembre de 2015",
	}
@misc{webmin2,
	title = "\url{http://www.webmin.com/}",
	year = "consultado el Sábado 7 de Noviembre de 2015",
	}
@misc{php,
	title = "\url{https://help.ubuntu.com/lts/serverguide/php5.html}",
	year = "consultado el Domingo 8 de Noviembre de 2015",
	}
@misc{phpmyadmin,
	title = "\url{https://help.ubuntu.com/community/phpMyAdmin}",
	year = "consultado el Domingo 8 de Noviembre de 2015",
	}
@misc{directadmin,
	title = "\url{http://www.directadmin.com/}",
	year = "consultado el Domingo 8 de Noviembre de 2015",
	}
@misc{powershell,
	title = "\url{http://ss64.com/ps/}",
	year = "consultado el Martes 10 de Noviembre de 2015",
	}
@misc{php-size,
	title = "\url{http://stackoverflow.com/questions/3958615/import-file-size-limit-in-phpmyadmin}",
	year = "consultado el Martes 10 de Noviembre de 2015",
	}
@misc{lamp-centOs,
	title = "\url{https://www.digitalocean.com/community/tutorials/how-to-install-linux-apache-mysql-php-lamp-stack-on-centos-7}",
	year = "consultado el Martes 10 de Noviembre de 2015",
	}