@misc{systcl1,
	title = "\url{https://tweaked.io/guide/kernel/}",
	year = "consultado el Miércoles 23 de Diciembre de 2015",
	}
@misc{sysctl2,
	title = "\url{http://linux.die.net/man/8/sysctl}",
	year = "consultado el Miércoles 23 de Diciembre de 2015",
	}
@misc{reg,
	title = "\url{https://technet.microsoft.com/en-us/library/cc732643.aspx}",
	year = "consultado el Sábado 26 de Diciembre de 2015",
	}
	
@misc{example-add,
	title = "\url{https://technet.microsoft.com/en-us/library/cc742162.aspx#BKMK_examples}",
	year = "consultado el Sábado 26 de Diciembre de 2015",
}

@misc{registry values,
	title = "\url{https://msdn.microsoft.com/es-es/library/windows/desktop/ms724884(v=vs.85).aspx}",
	year = "consultado el Sábado 26 de Diciembre de 2015",
}

@misc{compression,
	title = "\url{https://technet.microsoft.com/en-us/library/cc730629(v=ws.10).aspx}",
	year = "consultado el Lunes 28 de Diciembre de 2015",
	}