@misc{phoronix-suite,
	title = "\url{https://wiki.ubuntu.com/PhoronixTestSuite}",
	year = "consultado el Jueves 3 de Diciembre de 2015",
	}
	
@misc{ab,
	title = "\url{https://httpd.apache.org/docs/2.2/es/programs/ab.html}",
	year = "consultado el Jueves 3 de Diciembre de 2015",
	}
@misc{http-comp,
	title = "\url{https://technet.microsoft.com/es-es/library/cc771003%28v=ws.10%29.aspx}",
	year = "consultado el Martes 15 de Diciembre de 2015",
	}
@misc{gzip,
	title = "\url{https://developers.google.com/web/fundamentals/performance/optimizing-content-efficiency/optimize-encoding-and-transfer}",
	year = "consultado el Martes 15 de Diciembre de 2015",
	}
@misc{keys,
	title = "\url{https://www.apache.org/dist/jmeter/KEYS}",
	year = "consultado el Miércoles 16 de Diciembre de 2015",
	}
@misc{tk,
	title = "\url{http://tkinter.unpythonic.net/wiki/How_to_install_Tkinter}",
	year = "consultado el Miércoles 16 de Diciembre de 2015",
	}