@misc{virtual,
	title = "\url{https://en.wikipedia.org/wiki/Virtualization?oldformat=true}",
	year = "consultado Viérnes 2 de Octubre de 2015",
	}
@misc{hostalia,
	title = "\url{http://www.hostalia.com/vps/}",
	year = "consultado Viérnes 2 de Octubre de 2015"
	}
	
@misc{digitalocean,
	title= "\url{https://www.digitalocean.com/pricing/}",
	year = "consultado Viérnes 2 de Octubre de 2015",
	}
@misc{divisas,
	title = "\url{http://www.xe.com/es/currencyconverter/}",
	year = "consultado Viérnes 2 de Octubre de 2015 a las 13:00",
	}
@misc{1and1,
	title = "\url{http://www.1and1.es/server-dedicated-tariff}",
	year = "consultado Viérnes 2 de Octubre de 2015",
	}
@misc{similar2vmw,
	title = "\url{http://alternativeto.net/software/vmware-workstation/}",
	year = "consultado Viérnes 2 de Octubre de 2015",
	}
@misc{windows2012vs2008,
	title = "\url{http://www.microsoft.com/en-us/server-cloud/products/windows-server-2012-r2/comparison.aspx}",
	year = "consultado Lunes 5 de Octubre de 2015",
	}
@misc{canonicalp,
	title = "\url{https://en.wikipedia.org/wiki/Canonical\_%28company%29?oldformat=true}",
	year = "consultado Lunes 5 de Octubre de 2015",
	}
@misc{centOS,
	title = "\url{https://es.wikipedia.org/wiki/CentOS?oldformat=true}",
	year = "consultado Lunes 5 de Octubre de 2015",
	}
@misc{logocano,
	title = "\url{http://www.canonical.com/}",
	year = "consultado Lunes 5 de Octubre de 2015",
	}
@misc{freebsd,
	title = "\url{http://www.freebsd.org/es/}",
	year = "consultado Jueves 8 de Octubre de 2015",
	}
@misc{osxserver,
	title = "\url{http://www.apple.com/es/osx/server/}",
	year = "consultado Jueves 8 de Octubre de 2015",
	}
@misc{perserv,
	title = "\url{http://www.w3cook.com/os/summary/}",
	year = "consultado Jueves 8 de Octubre de 2015",
	}
@article{raidswhw,
	title = "Hardware RAID vs. Software RAID: Which Implementation is Best for my Application?",
	author = "ADAPTEC",
	year = "2006"
	}
@misc{adaptec,
	title = "\url{http://www.adaptec.com/en-us/}",
	year =  "consultado Jueves 8 de Octubre de 2015",
	}
@misc{lvm,
	title = "\url{https://wiki.archlinux.org/index.php/LVM}",
	year = "consultado Jueves 8 de Octubre de 2015",
	}
@misc{debian,
	title = "\url{http://www.debian.org/}",
	year = "consultado Jueves 8 de Octubre de 2015",
	}
@misc{small,
	title = "\url{http://www.tldp.org/HOWTO/LVM-HOWTO/benefitsoflvmsmall.html}",
	year = "consultado Viernes 9 de Octubre de 2015",
	}
@misc{var,
	title = "\url{http://www.tldp.org/pub/Linux/docs/ldp-archived/system-admin-guide/translations/es/html/ch04s06.html}",
	year = "consultado Viernes 9 de Octubre de 2015",
	}
@misc{swapencr,
	title = "\url{https://www.freebsd.org/doc/handbook/swap-encrypting.html}",
	year = "consultado Viernes 9 de Octubre de 2015",
	}
@misc{boot,
	title = "\url{https://en.wikipedia.org/wiki/Disk_encryption?oldformat=true}",
	year = "consultado Viernes 9 de Octubre de 2015",
	}
@misc{ext2ext4,
	title= "\url{https://ext4.wiki.kernel.org/index.php/Frequently_Asked_Questions#What_is_the_difference_between_ext2.2C_ext3.2C_and_ext4.},
	year = "consultado Viernes 9 de Octubre de 2015",
	}
@misc{ubuntuserver,
	title = "\url{http://www.ubuntu.com/server}",
	year = "consultado Lunes 12 de Octubre de 2015",
	}
@misc{datacentervsstandar,
	title = "\url{http://www.microsoft.com/en-us/download/details.aspx?id=41703}",
	year = "consultado Martes 13 de Octubre de 2015",
	}
@misc{datacentervsstandar2,
	title = "\url{http://www.microsoft.com/en-us/download/confirmation.aspx?id=41182}",
	year = "consultado Jueves 15 de Octubre de 2015",
	}
@misc{grub-install,
	title = "\url{http://manpages.ubuntu.com/manpages/trusty/man8/grub-install.8.html}",
	year = "consultado Jueves 15 de Octubre de 2015",
	}
@misc{dd,
	title = "\url{http://manpages.ubuntu.com/manpages/lucid/man1/dd.1.html}",
	year = "consultado Jueves 15 de Octubre de 2015",
	}
@misc{grub-install-gnu,
	title = "\url{https://www.gnu.org/software/grub/manual/html_node/Installing-GRUB-using-grub_002dinstall.html}",
	year = "consultado Jueves 15 de Octubre de 2015",
	}
@misc{alberto,
	title = "\url{http://www.ugr.es/~aguillen/contacto.html}",
	year = "consultado Jueves 15 de Octubre de 2015",
	}
@misc{mdadm,
	title = "\url{http://linuxcommand.org/man_pages/mdadm8.html}",
	year = "consultado Jueves 15 de Octubre de 2015",
	}
@misc{natvshstvsbrd,
	title = "\url{https://www.virtualbox.org/manual/ch06.html}",
	year = "consultado Jueves 15 de Octubre de 2015",
	}
@misc{centOS2,
	title = "\url{https://lists.centos.org/pipermail/centos-announce/2014-January/020100.html}",
	year = "consultado Martes 20 de Octubre de 2015",
	}
@misc{vmwarefigures,
	title = "\url{https://pubs.vmware.com/workstation-9/index.jsp#com.vmware.ws.using.doc/GUID-BAFA66C3-81F0-4FCA-84C4-D9F7D258A60A.html}",
	year = "consultado Martes 20 de Octubre de 2015",
	}
@misc{ibmvirtualization,
	title = "\url{http://www-07.ibm.com/solutions/in/education/download/Virtualization%20in%20Education.pdf}",
	year = "consultado Martes 20 de Octubre de 2015",
	}