@misc{gestorpaquetesopen,
	title = "\url{https://es.opensuse.org/Gesti%C3%B3n_de_paquetes}",
	year = "consultado el Martes 29 de Diciembre de 2015",
	}

@misc{yast,
	title = "\url{https://en.opensuse.org/YaST_Software_Management}",
	year = "consultado el Martes 29 de Diciembre de 2015",
	}
@misc{zipper,
	title = "\url{https://es.opensuse.org/Zypper}",
	year = "consultado el Martes 29 de Diciembre de 2015",
	}

@misc{awk,
	title = "\url{http://www.folkstalk.com/2011/12/good-examples-of-awk-command-in-unix.html}",
	year = "consultado el Martes 29 de Diciembre de 2015",
	}
	
@misc{articulo,
	title = "\url{https://blog.flood.io/benchmarking-jmeter-and-gatling/}",
	year = "consultado el Martes 29 de Diciembre de 2015",
	}
@misc{bash,
	title = "\url{http://ss64.com/bash/syntax-keyboard.html}",
	year = "consultado el Martes 29 de Diciembre de 2015",
	}
@misc{emacs,
	title = "\url{https://www.gnu.org/software/emacs/refcards/pdf/refcard.pdf}",
	year = "consultado el Martes 29 de Diciembre de 2015",
	}
@misc{emacsmode,
	title = "\url{http://www.hypexr.org/bash_tutorial.php#set}",
	year = "consultado el Martes 29 de Diciembre de 2015",
	}
@misc{fail2ban,
	title = "\url{https://www.digitalocean.com/community/tutorials/how-to-protect-ssh-with-fail2ban-on-ubuntu-14-04}",
	year = "consultado el Domingo 3 de Enero de 2015",
	}
@misc{ganglia,
	title = "\url{http://ganglia.wikimedia.org/latest/}",
	year = "consultado el Domingo 3 de Enero de 2015",
	}
@misc{wikipedia,
	title = "\url{https://www.wikimedia.org/}",
	year = "consultado el Domingo 3 de Enero de 2016",
	}
@misc{valgrind,
	title = "\url{http://www.cs.tut.fi/~jkorpela/forms/cgic.html}",
	year = "consultado el Lunes 4 de Enero de 2016",
	}
@misc{screen,
	title = "\url{https://www.gnu.org/software/screen/manual/screen.html}",
	year = "consultado el Jueves 7 de Enero de 2016",
	}